@article{cavraro2020bus,
  title={Bus Clustering for Distribution Grid Topology Identification},
  author={Cavraro, Guido and Bernstein, Andrey},
  journal={IEEE Transactions on Smart Grid},
  year={2020},
  publisher={IEEE}
}

@article{mayo2020data,
  title={Data-driven framework to model identification, event detection and topology change location using D-PMUs},
  author={Mayo-Maldonado, JC and Valdez-Resendiz, JE and Guillen, D and Bariya, M and Von Meier, A and Salas-Esquivel, EA and Ostfeld, A},
  journal={IEEE Transactions on Instrumentation and Measurement},
  year={2020},
  publisher={IEEE}
}

@article{mokhtar2019automating,
  title={Automating the Verification of the Low Voltage Network Cables and Topologies},
  author={Mokhtar, Maizura and Robu, Valentin and Flynn, David and Higgins, Ciaran and Whyte, Jim and Loughran, Caroline and Fulton, Fiona},
  journal={IEEE Transactions on Smart Grid},
  volume={11},
  number={2},
  pages={1657--1666},
  year={2019},
  publisher={IEEE}
}

@article{deka2017structure,
  title={Structure learning in power distribution networks},
  author={Deka, Deepjyoti and Backhaus, Scott and Chertkov, Michael},
  journal={IEEE Transactions on Control of Network Systems},
  volume={5},
  number={3},
  pages={1061--1074},
  year={2017},
  publisher={IEEE}
}

@article{cunha2020automated,
  title={Automated Determination of Topology and Line Parameters in Low Voltage Systems Using Smart Meters Measurements},
  author={Cunha, Vinicius C and Freitas, Walmir and Trindade, Fernanda CL and Santoso, Surya},
  journal={IEEE Transactions on Smart Grid},
  year={2020},
  publisher={IEEE}
}
@article{razzaghi2013efficient,
  title={An efficient method based on the electromagnetic time reversal to locate faults in power networks},
  author={Razzaghi, Reza and Lugrin, Gaspard and Manesh, Hossein and Romero, Carlos and Paolone, Mario and Rachidi, Farhad},
  journal={IEEE Transactions on Power Delivery},
  volume={28},
  number={3},
  pages={1663--1673},
  year={2013},
  publisher={Ieee}
}
@article{bariya2020guaranteed,
  title={Guaranteed Phase \& Topology Identification in Three Phase Distribution Grids},
  author={Bariya, Mohini and Deka, Deepjyoti and von Meier, Alexandra},
  journal={arXiv preprint arXiv:2008.01255},
  year={2020}
}
@inproceedings{wang2018electromagnetic,
  title={Electromagnetic time reversal applied to fault location: On the properties of back-injected signals},
  author={Wang, Zhaoyang and Razzaghi, Reza and Paolone, Mario and Rachidi, Farhad},
  booktitle={2018 Power systems computation conference (PSCC)},
  pages={1--7},
  year={2018},
  organization={IEEE}
}
@article{wang2019electromagnetic,
  title={Electromagnetic time reversal similarity characteristics and its application to locating faults in power networks},
  author={Wang, Zhaoyang and Razzaghi, Reza and Paolone, Mario and Rachidi, Farhad},
  journal={IEEE Transactions on Power Delivery},
  year={2019},
  publisher={IEEE}
}
@inproceedings{wang2020parameter,
  title={Parameter Estimation in Three-Phase Power Distribution Networks Using Smart Meter Data},
  author={Wang, Wenyu and Yu, Nanpeng},
  booktitle={2020 International Conference on Probabilistic Methods Applied to Power Systems (PMAPS)},
  pages={1--6},
  year={2020},
  organization={IEEE}
}
@inproceedings{chao2020topology,
  title={Topology Checking Method for Low Voltage Distribution Network Based on Fuzzy C-Means Clustering Algorithm},
  author={Chao, Lu and Lei, Zhao and Yuhang, Li},
  booktitle={2020 IEEE International Conference on Artificial Intelligence and Computer Applications (ICAICA)},
  pages={1077--1080},
  year={2020},
  organization={IEEE}
}
@article{frigaard1995time,
  title={A time-domain method for separating incident and reflected irregular waves},
  author={Frigaard, Peter and Brorsen, Michael},
  journal={Coastal Engineering},
  volume={24},
  number={3-4},
  pages={205--215},
  year={1995},
  publisher={Elsevier}
}
@article{keefe1992method,
  title={Method to measure acoustic impedance and reflection coefficient},
  author={Keefe, Douglas H and Ling, Robert and Bulen, Jay C},
  journal={The Journal of the Acoustical Society of America},
  volume={91},
  number={1},
  pages={470--485},
  year={1992},
  publisher={Acoustical Society of America}
}
@article{jafarian2010traveling,
  title={A traveling-wave-based protection technique using wavelet/PCA analysis},
  author={Jafarian, Peyman and Sanaye-Pasand, Majid},
  journal={IEEE Transactions on Power Delivery},
  volume={25},
  number={2},
  pages={588--599},
  year={2010},
  publisher={IEEE}
}
@article{kouassi2016reliability,
  title={Reliability and sensitivity analysis of transmission lines in a probabilistic EMC context},
  author={Kouassi, Attibaud and Bourinet, Jean-Marc and Lall{\'e}ch{\`e}re, S{\'e}bastien and Bonnet, Pierre and Fogli, Michel},
  journal={IEEE Transactions on Electromagnetic Compatibility},
  volume={58},
  number={2},
  pages={561--572},
  year={2016},
  publisher={IEEE}
}
@inproceedings{zivanovic2007sensitivity,
  title={Sensitivity analysis of transmission line fault location},
  author={Zivanovic, Rastko and Ooi, Hoong Boon},
  booktitle={2007 IEEE Lausanne Power Tech},
  pages={1187--1190},
  year={2007},
  organization={IEEE}
}
@article{homma1996importance,
  title={Importance measures in global sensitivity analysis of nonlinear models},
  author={Homma, Toshimitsu and Saltelli, Andrea},
  journal={Reliability Engineering \& System Safety},
  volume={52},
  number={1},
  pages={1--17},
  year={1996},
  publisher={Elsevier}
}
@article{ni2017variance,
  title={Variance-based global sensitivity analysis for power systems},
  author={Ni, Fei and Nijhuis, Michiel and Nguyen, Phuong H and Cobben, Joseph FG},
  journal={IEEE Transactions on Power Systems},
  volume={33},
  number={2},
  pages={1670--1682},
  year={2017},
  publisher={IEEE}
}